@misc{acorn,
  title = {Acorn},
  howpublished = {\url{https://github.com/marijnh/acorn}}
}

@misc{babel,
  title = {Babel},
  howpublished = {\url{https://babeljs.io}}
}

@misc{browserify,
  title = {Browserify},
  howpublished = {\url{http://browserify.org}}
}

@misc{commonjs-modules,
  title = {{CommonJS Modules}},
  howpublished = {\url{http://wiki.commonjs.org/wiki/Modules}}
}

@misc{dot-language,
  title = {DOT language},
  howpublished = {\url{http://www.graphviz.org/doc/info/lang.html}}
}

@misc{es5-spec,
  author = {Ecma International},
  title = {{ECMAScript Language Specification, Edition 5.1}},
  howpublished = {\url{http://www.ecma-international.org/ecma-262/5.1}}
}

@misc{es2015-spec,
  author = {Ecma International},
  title = {{ECMAScript Language Specification, Edition 6}},
  howpublished = {\url{http://www.ecma-international.org/ecma-262/6.0}}
}

@misc{estree-spec,
  author = {Herman, Dave and others},
  title = {{ESTree} specification},
  howpublished = {\url{https://github.com/estree/estree}}
}

@misc{esprima,
  author = {jQuery Foundation},
  title = {Esprima},
  howpublished = {\url{https://github.com/jquery/esprima}}
}

@misc{flow,
  author = {Facebook Inc.},
  title = {Flow},
  howpublished = {\url{http://flowtype.org}}
}

@misc{gulp,
  title = {Gulp},
  howpublished = {\url{http://gulpjs.com}}
}

@misc{graphviz,
  author = {{AT\&T Labs Research}},
  title = {Graphviz},
  howpublished = {\url{http://www.graphviz.org}}
}

@misc{mdn-function,
  author = {Mozilla Developer Network},
  title = {Function},
  howpublished = {\url{https://developer.mozilla.org/en-US/docs/Web/JavaScript/Reference/Global_Objects/Function}}
}

@misc{mdn-referencerror,
  author = {Mozilla Developer Network},
  title = {{ReferenceError}},
  howpublished = {\url{https://developer.mozilla.org/en-US/docs/Web/JavaScript/Reference/Global_Objects/ReferenceError}}
}

@misc{mdn-syntaxerror,
  author = {Mozilla Developer Network},
  title = {{SyntaxError}},
  howpublished = {\url{https://developer.mozilla.org/en-US/docs/Web/JavaScript/Reference/Global_Objects/SyntaxError}}
}

@misc{mdn-throw,
  author = {Mozilla Developer Network},
  title = {throw},
  howpublished = {\url{https://developer.mozilla.org/en-US/docs/Web/JavaScript/Reference/Statements/throw}}
}

@misc{mdn-typeerror,
  author = {Mozilla Developer Network},
  title = {{TypeError}},
  howpublished = {\url{https://developer.mozilla.org/en-US/docs/Web/JavaScript/Reference/Global_Objects/TypeError}}
}

@misc{mit-license,
  title = {{MIT License}},
  howpublished = {\url{http://opensource.org/licenses/MIT}}
}

@misc{nodejs,
  title = {{Node.js}},
  howpublished = {\url{https://nodejs.org/}}
}

@misc{npm,
  author = {{npm Inc.}},
  title = {npm {Registry}},
  howpublished = {\url{https://www.npmjs.com}}
}

@misc{styx-github,
  author = {Marius Schulz},
  title = {Styx},
  howpublished = {\url{https://github.com/mariusschulz/styx}}
}

@misc{styx-cli-github,
  author = {Marius Schulz},
  title = {Styx Command-Line Interface},
  howpublished = {\url{https://github.com/mariusschulz/styx-cli}}
}

@misc{typescript,
  author = {Microsoft},
  title = {TypeScript},
  howpublished = {\url{http://www.typescriptlang.org}}
}

@incollection{bichhawat2014information,
  title={{Information Flow Control in WebKit's JavaScript Bytecode}},
  author={Bichhawat, Abhishek and Rajani, Vineet and Garg, Deepak and Hammer, Christian},
  booktitle={Principles of Security and Trust},
  pages={159--178},
  year={2014},
  publisher={Springer}
}

@inproceedings{hedin2012information,
  title={{Information-flow security for a core of JavaScript}},
  author={Hedin, Dan and Sabelfeld, Andrei},
  booktitle={Computer Security Foundations Symposium (CSF), 2012 IEEE 25th},
  pages={3--18},
  year={2012},
  organization={IEEE}
}

@inproceedings{kashyap2014jsai,
  title={{JSAI: A Static Analysis Platform for JavaScript}},
  author={Kashyap, Vineeth and Dewey, Kyle and Kuefner, Ethan A and Wagner, John and Gibbons, Kevin and Sarracino, John and Wiedermann, Ben and Hardekopf, Ben},
  booktitle={Proceedings of the 22nd ACM SIGSOFT International Symposium on Foundations of Software Engineering},
  pages={121--132},
  year={2014},
  organization={ACM}
}

@incollection{santos2014information,
  title={{An Information Flow Monitor-Inlining Compiler for Securing a Core of JavaScript}},
  author={Santos, Jos{\'e} Fragoso and Rezk, Tamara},
  booktitle={ICT Systems Security and Privacy Protection},
  pages={278--292},
  year={2014},
  publisher={Springer}
}
